@misc{cap, url={https://farside.ph.utexas.edu/teaching/302l/lectures/node46.html}, journal={Capacitors in Series and in Parallel}}