@misc{Vander, title={Van de Graaff generator}, url={http://macao.communications.museum/eng/exhibition/secondfloor/MoreInfo/2_3_7_VanGraafGenerator.html}, journal={Van de Graaff generator}}
@misc{Vander:2, title={Van De Graaff Generator}, url={https://www.imagesco.com/articles/high-voltage/van_de_graaf.html}, journal={Van De Graaff Generator Article}, publisher={Images SI}, author={Imagesco.com}}
@misc{scienceworld, url={https://www.scienceworld.ca/resources/activities/van-de-graaff-generator-wonders}, journal={Science World British Columbia}, year={2019}, month={Jul}}
@misc{Flinn, url={https://www.flinnsci.com/electric-plume/ap5986/}, journal={Electric Plume}, publisher={Flinn Scientific}}
@misc{greenslade, title={Electric Whirl and Orrery}, url={http://physics.kenyon.edu/EarlyApparatus/Static_Electricity/Electric_Whirl/Electric_Whirl.html}, journal={Electric Whirl}, author={Greenslade, Thomas B.}}
@misc{davis_2012, url={https://www.youtube.com/watch?v=j6F_8YWxUP0}, journal={YouTube}, publisher={YouTube}, author={Davis, Shethar}, year={2012}, month={May}}
@misc{dickie, title={Physics 30 Worksheet No. 6: Coulombâ€™s Law}, author={Dickie, B.}}
@misc{Wim, title={Wimshurst }, url={https://rimstar.org/science_electronics_projects/wimshurst_machine.htm}, journal={Wimshurst machine}}
@misc{rim, url={https://www.youtube.com/watch?v=nA4aCd5qFWs&t=166s}, journal={YouTube}, publisher={YouTube}, author={RimstarOrg}, year={2018}, month={Feb}}
@book{Ele, title={Electroscope Setup}, url={https://study.com/academy/lesson/electroscope-experiment.html}, journal={Study.com}, publisher={ Study.com}}
@misc{Champ, title={Detection of Static Electricity}, url={https://www.school-for-champions.com/science/static_detection.htm#.XWwvR5NKi3U}, journal={Detection of Static Electricity by Ron Kurtus - Physics Lessons: School for Champions}}