@misc{physcls, title={The Physics Classroom Tutorial}, url={https://www.physicsclassroom.com/class/estatics/Lesson-3/Newton-s-Laws-and-the-Electrical-Force}, journal={The Physics Classroom}, publisher={The Physics Classroom}}
@misc{electricfield, title={Electric Field}, url={http://hyperphysics.phy-astr.gsu.edu/hbase/electric/elefie.html}, journal={Electric field}}
@book{mazur_pedigo_crouch_dourmashkin_bieniek_banfi_jisrawi_setlur_2016, place={Harlow, Essex}, title={Principles and practice of physics. Principles}, publisher={Pearson Education Limited}, author={Mazur, Eric and Pedigo, Daryl and Crouch, Catherine H. and Dourmashkin, Peter A. and Bieniek, Ronald J. and Banfi, Andrea and Jisrawi, Najeh M. and Setlur, Girish S.}, year={2016}}