@misc{electricpotentialenergy, title={Electric Potential Energy}, url={http://hyperphysics.phy-astr.gsu.edu/hbase/electric/elepe.html}, journal={Electric potential energy}}
@misc{field, title={Electric/Electrostatic Potential}, url={https://www.cyberphysics.co.uk/topics/electricity/higher_electricity/electric_potential.htm}, journal={Electric Potential}}